%YAML 1.1
%TAG !u! tag:unity3d.com,2011:
--- !u!1001 &100100000
Prefab:
  m_ObjectHideFlags: 1
  serializedVersion: 2
  m_Modification:
    m_TransformParent: {fileID: 0}
    m_Modifications: []
    m_RemovedComponents: []
  m_SourcePrefab: {fileID: 0}
  m_RootGameObject: {fileID: 1977952096149136}
  m_IsPrefabAsset: 1
--- !u!1 &1977952096149136
GameObject:
  m_ObjectHideFlags: 0
  m_CorrespondingSourceObject: {fileID: 0}
  m_PrefabInternal: {fileID: 100100000}
  serializedVersion: 6
  m_Component:
  - component: {fileID: 4054131647309838}
  - component: {fileID: 114760670537372832}
  - component: {fileID: 23069887003096838}
  - component: {fileID: 33377043396878328}
  - component: {fileID: 114383261252719010}
  - component: {fileID: 64233083730535104}
  m_Layer: 0
  m_Name: Rampa small
  m_TagString: Untagged
  m_Icon: {fileID: 0}
  m_NavMeshLayer: 0
  m_StaticEditorFlags: 126
  m_IsActive: 1
--- !u!4 &4054131647309838
Transform:
  m_ObjectHideFlags: 1
  m_CorrespondingSourceObject: {fileID: 0}
  m_PrefabInternal: {fileID: 100100000}
  m_GameObject: {fileID: 1977952096149136}
  m_LocalRotation: {x: -0, y: -0.027018532, z: -0, w: 0.9996349}
  m_LocalPosition: {x: 0.73, y: -2.21, z: -7.08}
  m_LocalScale: {x: 1.9371853, y: 2.1189737, z: 1.5550679}
  m_Children: []
  m_Father: {fileID: 0}
  m_RootOrder: 0
  m_LocalEulerAnglesHint: {x: 0, y: -3.0960002, z: 0}
--- !u!23 &23069887003096838
MeshRenderer:
  m_ObjectHideFlags: 1
  m_CorrespondingSourceObject: {fileID: 0}
  m_PrefabInternal: {fileID: 100100000}
  m_GameObject: {fileID: 1977952096149136}
  m_Enabled: 1
  m_CastShadows: 2
  m_ReceiveShadows: 1
  m_DynamicOccludee: 1
  m_MotionVectors: 1
  m_LightProbeUsage: 1
  m_ReflectionProbeUsage: 1
  m_RenderingLayerMask: 4294967295
  m_Materials:
  - {fileID: 2100000, guid: 278d8c7ebf53b45fd8c21a1d08173066, type: 2}
  m_StaticBatchInfo:
    firstSubMesh: 0
    subMeshCount: 0
  m_StaticBatchRoot: {fileID: 0}
  m_ProbeAnchor: {fileID: 0}
  m_LightProbeVolumeOverride: {fileID: 0}
  m_ScaleInLightmap: 1
  m_PreserveUVs: 0
  m_IgnoreNormalsForChartDetection: 0
  m_ImportantGI: 0
  m_StitchLightmapSeams: 0
  m_SelectedEditorRenderState: 2
  m_MinimumChartSize: 4
  m_AutoUVMaxDistance: 0.5
  m_AutoUVMaxAngle: 89
  m_LightmapParameters: {fileID: 0}
  m_SortingLayerID: 0
  m_SortingLayer: 0
  m_SortingOrder: 0
--- !u!33 &33377043396878328
MeshFilter:
  m_ObjectHideFlags: 1
  m_CorrespondingSourceObject: {fileID: 0}
  m_PrefabInternal: {fileID: 100100000}
  m_GameObject: {fileID: 1977952096149136}
  m_Mesh: {fileID: 0}
--- !u!64 &64233083730535104
MeshCollider:
  m_ObjectHideFlags: 1
  m_CorrespondingSourceObject: {fileID: 0}
  m_PrefabInternal: {fileID: 100100000}
  m_GameObject: {fileID: 1977952096149136}
  m_Material: {fileID: 0}
  m_IsTrigger: 0
  m_Enabled: 1
  serializedVersion: 3
  m_Convex: 0
  m_CookingOptions: 14
  m_SkinWidth: 0.01
  m_Mesh: {fileID: 0}
--- !u!114 &114383261252719010
MonoBehaviour:
  m_ObjectHideFlags: 1
  m_CorrespondingSourceObject: {fileID: 0}
  m_PrefabInternal: {fileID: 100100000}
  m_GameObject: {fileID: 1977952096149136}
  m_Enabled: 1
  m_EditorHideFlags: 0
  m_Script: {fileID: 185759285, guid: 0472bdc8d6d15384d98f22ee34302f9c, type: 3}
  m_Name: 
  m_EditorClassIdentifier: 
  _quads:
  - _indices: 000000000100000002000000010000000300000002000000
    _distinctIndices: 00000000010000000200000003000000
    _edges:
    - x: 0
      y: 1
    - x: 2
      y: 0
    - x: 1
      y: 3
    - x: 3
      y: 2
    _smoothingGroup: 0
    _uv:
      useWorldSpace: 0
      flipU: 0
      flipV: 0
      swapUV: 0
      fill: 1
      scale: {x: 1, y: 1}
      offset: {x: 0, y: 0}
      rotation: 0
      justify: 0
      localPivot: {x: -0.4993949, y: 0.24151546}
      localSize: {x: 0, y: 0}
      anchor: 9
    _mat: {fileID: 2100000, guid: 3373531568e2942b393f51faee2bc00f, type: 2}
    manualUV: 0
    elementGroup: -1
    textureGroup: -1
  - _indices: 040000000500000006000000
    _distinctIndices: 040000000500000006000000
    _edges:
    - x: 4
      y: 5
    - x: 5
      y: 6
    - x: 6
      y: 4
    _smoothingGroup: 0
    _uv:
      useWorldSpace: 0
      flipU: 0
      flipV: 0
      swapUV: 0
      fill: 1
      scale: {x: 1, y: 1}
      offset: {x: 0, y: 0}
      rotation: 0
      justify: 0
      localPivot: {x: -1.1907159, y: 0.24069953}
      localSize: {x: 0, y: 0}
      anchor: 9
    _mat: {fileID: 2100000, guid: 3373531568e2942b393f51faee2bc00f, type: 2}
    manualUV: 0
    elementGroup: -1
    textureGroup: -1
  - _indices: 070000000800000009000000080000000a00000009000000
    _distinctIndices: 0700000008000000090000000a000000
    _edges:
    - x: 7
      y: 8
    - x: 9
      y: 7
    - x: 8
      y: 10
    - x: 10
      y: 9
    _smoothingGroup: 0
    _uv:
      useWorldSpace: 0
      flipU: 0
      flipV: 0
      swapUV: 0
      fill: 1
      scale: {x: 1, y: 1}
      offset: {x: 0, y: 0}
      rotation: 0
      justify: 0
      localPivot: {x: 0.4993949, y: -1.1368636}
      localSize: {x: 0, y: 0}
      anchor: 9
    _mat: {fileID: 2100000, guid: 3373531568e2942b393f51faee2bc00f, type: 2}
    manualUV: 0
    elementGroup: -1
    textureGroup: -1
  - _indices: 0b0000000c0000000d000000
    _distinctIndices: 0b0000000c0000000d000000
    _edges:
    - x: 11
      y: 12
    - x: 12
      y: 13
    - x: 13
      y: 11
    _smoothingGroup: 0
    _uv:
      useWorldSpace: 0
      flipU: 0
      flipV: 0
      swapUV: 0
      fill: 1
      scale: {x: 1, y: 1}
      offset: {x: 0, y: 0}
      rotation: 0
      justify: 0
      localPivot: {x: 1.1907159, y: 0.2407003}
      localSize: {x: 0, y: 0}
      anchor: 9
    _mat: {fileID: 2100000, guid: 3373531568e2942b393f51faee2bc00f, type: 2}
    manualUV: 0
    elementGroup: -1
    textureGroup: -1
  - _indices: 0e0000000f000000100000000f0000001100000010000000
    _distinctIndices: 0e0000000f0000001000000011000000
    _edges:
    - x: 14
      y: 15
    - x: 16
      y: 14
    - x: 15
      y: 17
    - x: 17
      y: 16
    _smoothingGroup: 0
    _uv:
      useWorldSpace: 0
      flipU: 0
      flipV: 0
      swapUV: 0
      fill: 1
      scale: {x: 1, y: 1}
      offset: {x: 0, y: 0}
      rotation: 0
      justify: 0
      localPivot: {x: -0.5, y: -1.1907159}
      localSize: {x: 0, y: 0}
      anchor: 9
    _mat: {fileID: 2100000, guid: 3373531568e2942b393f51faee2bc00f, type: 2}
    manualUV: 0
    elementGroup: -1
    textureGroup: -1
  _sharedIndices:
  - array: 000000000c00000010000000
  - array: 010000000400000011000000
  - array: 020000000a0000000d000000
  - array: 030000000600000009000000
  - array: 05000000070000000f000000
  - array: 080000000b0000000e000000
  _vertices:
  - {x: 0, y: 0, z: 0}
  - {x: 1, y: 0, z: 0}
  - {x: -0.0012102127, y: 0.48139906, z: -0.039670944}
  - {x: 1, y: 0.48139906, z: -0.038725376}
  - {x: 1, y: 0, z: 0}
  - {x: 1, y: 0, z: -2.3814318}
  - {x: 1, y: 0.48139906, z: -0.038725376}
  - {x: 1, y: 0, z: -2.3814318}
  - {x: 0, y: 0, z: -2.3814318}
  - {x: 1, y: 0.48139906, z: -0.038725376}
  - {x: -0.0012102127, y: 0.48139906, z: -0.039670944}
  - {x: 0, y: 0, z: -2.3814318}
  - {x: 0, y: 0, z: 0}
  - {x: -0.0012102127, y: 0.48139906, z: -0.039670944}
  - {x: 0, y: 0, z: -2.3814318}
  - {x: 1, y: 0, z: -2.3814318}
  - {x: 0, y: 0, z: 0}
  - {x: 1, y: 0, z: 0}
  _uv:
  - {x: 0, y: 0}
  - {x: -1, y: 0}
  - {x: 0.0012102127, y: 0.48303092}
  - {x: -1, y: 0.48295325}
  - {x: 0, y: 0}
  - {x: -2.3814318, y: 0}
  - {x: -0.038725376, y: 0.48139906}
  - {x: 1, y: -2.3326917}
  - {x: 0, y: -2.3326917}
  - {x: 1, y: 0.05896453}
  - {x: -0.0012102127, y: 0.058038313}
  - {x: 2.3814318, y: 0}
  - {x: 0, y: 0}
  - {x: 0.039670944, y: 0.4814006}
  - {x: 0, y: -2.3814318}
  - {x: -1, y: -2.3814318}
  - {x: 0, y: 0}
  - {x: -1, y: 0}
  _uv3:
  - {x: 0, y: 0, z: 0, w: 0}
  - {x: 0, y: 0, z: 0, w: 0}
  - {x: NaN, y: NaN, z: NaN, w: NaN}
  - {x: 0, y: 0, z: 0, w: 0}
  - {x: 0, y: 0, z: 0, w: 0}
  - {x: 0, y: 0, z: 0, w: 0}
  - {x: 0, y: 0, z: 0, w: 0}
  - {x: 0, y: 0, z: 0, w: 0}
  - {x: 0, y: 0, z: 0, w: 0}
  - {x: 0, y: 0, z: 0, w: 0}
  - {x: NaN, y: NaN, z: NaN, w: NaN}
  - {x: 0, y: 0, z: 0, w: 0}
  - {x: 0, y: 0, z: 0, w: 0}
  - {x: NaN, y: NaN, z: NaN, w: NaN}
  - {x: 0, y: 0, z: 0, w: 0}
  - {x: 0, y: 0, z: 0, w: 0}
  - {x: 0, y: 0, z: 0, w: 0}
  - {x: 0, y: 0, z: 0, w: 0}
  _uv4:
  - {x: 0, y: 0, z: 0, w: 0}
  - {x: 0, y: 0, z: 0, w: 0}
  - {x: NaN, y: NaN, z: NaN, w: NaN}
  - {x: 0, y: 0, z: 0, w: 0}
  - {x: 0, y: 0, z: 0, w: 0}
  - {x: 0, y: 0, z: 0, w: 0}
  - {x: 0, y: 0, z: 0, w: 0}
  - {x: 0, y: 0, z: 0, w: 0}
  - {x: 0, y: 0, z: 0, w: 0}
  - {x: 0, y: 0, z: 0, w: 0}
  - {x: NaN, y: NaN, z: NaN, w: NaN}
  - {x: 0, y: 0, z: 0, w: 0}
  - {x: 0, y: 0, z: 0, w: 0}
  - {x: NaN, y: NaN, z: NaN, w: NaN}
  - {x: 0, y: 0, z: 0, w: 0}
  - {x: 0, y: 0, z: 0, w: 0}
  - {x: 0, y: 0, z: 0, w: 0}
  - {x: 0, y: 0, z: 0, w: 0}
  _tangents: []
  _sharedIndicesUV:
  - array: 06000000
  - array: 0a000000
  _colors:
  - {r: 1, g: 1, b: 1, a: 1}
  - {r: 1, g: 1, b: 1, a: 1}
  - {r: 1, g: 1, b: 1, a: 1}
  - {r: 1, g: 1, b: 1, a: 1}
  - {r: 1, g: 1, b: 1, a: 1}
  - {r: 1, g: 1, b: 1, a: 1}
  - {r: 1, g: 1, b: 1, a: 1}
  - {r: 1, g: 1, b: 1, a: 1}
  - {r: 1, g: 1, b: 1, a: 1}
  - {r: 1, g: 1, b: 1, a: 1}
  - {r: 1, g: 1, b: 1, a: 1}
  - {r: 1, g: 1, b: 1, a: 1}
  - {r: 1, g: 1, b: 1, a: 1}
  - {r: 1, g: 1, b: 1, a: 1}
  - {r: 1, g: 1, b: 1, a: 1}
  - {r: 1, g: 1, b: 1, a: 1}
  - {r: 1, g: 1, b: 1, a: 1}
  - {r: 1, g: 1, b: 1, a: 1}
  userCollisions: 0
  isSelectable: 1
  unwrapParameters:
    hardAngle: 88
    packMargin: 4
    angleError: 8
    areaError: 15
  asset_guid: 
  dontDestroyMeshOnDelete: 0
  m_selectedFaces: 
  m_SelectedEdges: []
  m_selectedTriangles: 
--- !u!114 &114760670537372832
MonoBehaviour:
  m_ObjectHideFlags: 1
  m_CorrespondingSourceObject: {fileID: 0}
  m_PrefabInternal: {fileID: 100100000}
  m_GameObject: {fileID: 1977952096149136}
  m_Enabled: 1
  m_EditorHideFlags: 0
  m_Script: {fileID: 16342205, guid: 0472bdc8d6d15384d98f22ee34302f9c, type: 3}
  m_Name: 
  m_EditorClassIdentifier: 
  _entityType: 0
