%YAML 1.1
%TAG !u! tag:unity3d.com,2011:
--- !u!29 &1
OcclusionCullingSettings:
  m_ObjectHideFlags: 0
  serializedVersion: 2
  m_OcclusionBakeSettings:
    smallestOccluder: 5
    smallestHole: 0.25
    backfaceThreshold: 100
  m_SceneGUID: 00000000000000000000000000000000
  m_OcclusionCullingData: {fileID: 0}
--- !u!104 &2
RenderSettings:
  m_ObjectHideFlags: 0
  serializedVersion: 9
  m_Fog: 0
  m_FogColor: {r: 0.5, g: 0.5, b: 0.5, a: 1}
  m_FogMode: 3
  m_FogDensity: 0.01
  m_LinearFogStart: 0
  m_LinearFogEnd: 300
  m_AmbientSkyColor: {r: 0.212, g: 0.227, b: 0.259, a: 1}
  m_AmbientEquatorColor: {r: 0.114, g: 0.125, b: 0.133, a: 1}
  m_AmbientGroundColor: {r: 0.047, g: 0.043, b: 0.035, a: 1}
  m_AmbientIntensity: 1
  m_AmbientMode: 0
  m_SubtractiveShadowColor: {r: 0.42, g: 0.478, b: 0.627, a: 1}
  m_SkyboxMaterial: {fileID: 10304, guid: 0000000000000000f000000000000000, type: 0}
  m_HaloStrength: 0.5
  m_FlareStrength: 1
  m_FlareFadeSpeed: 3
  m_HaloTexture: {fileID: 0}
  m_SpotCookie: {fileID: 10001, guid: 0000000000000000e000000000000000, type: 0}
  m_DefaultReflectionMode: 0
  m_DefaultReflectionResolution: 128
  m_ReflectionBounces: 1
  m_ReflectionIntensity: 1
  m_CustomReflection: {fileID: 0}
  m_Sun: {fileID: 0}
  m_IndirectSpecularColor: {r: 0.44657844, g: 0.49641222, b: 0.57481694, a: 1}
  m_UseRadianceAmbientProbe: 0
--- !u!157 &3
LightmapSettings:
  m_ObjectHideFlags: 0
  serializedVersion: 11
  m_GIWorkflowMode: 0
  m_GISettings:
    serializedVersion: 2
    m_BounceScale: 1
    m_IndirectOutputScale: 1
    m_AlbedoBoost: 1
    m_TemporalCoherenceThreshold: 1
    m_EnvironmentLightingMode: 0
    m_EnableBakedLightmaps: 1
    m_EnableRealtimeLightmaps: 1
  m_LightmapEditorSettings:
    serializedVersion: 10
    m_Resolution: 2
    m_BakeResolution: 40
    m_AtlasSize: 1024
    m_AO: 0
    m_AOMaxDistance: 1
    m_CompAOExponent: 1
    m_CompAOExponentDirect: 0
    m_Padding: 2
    m_LightmapParameters: {fileID: 0}
    m_LightmapsBakeMode: 1
    m_TextureCompression: 1
    m_FinalGather: 0
    m_FinalGatherFiltering: 1
    m_FinalGatherRayCount: 256
    m_ReflectionCompression: 2
    m_MixedBakeMode: 2
    m_BakeBackend: 1
    m_PVRSampling: 1
    m_PVRDirectSampleCount: 32
    m_PVRSampleCount: 500
    m_PVRBounces: 2
    m_PVRFilterTypeDirect: 0
    m_PVRFilterTypeIndirect: 0
    m_PVRFilterTypeAO: 0
    m_PVRFilteringMode: 1
    m_PVRCulling: 1
    m_PVRFilteringGaussRadiusDirect: 1
    m_PVRFilteringGaussRadiusIndirect: 5
    m_PVRFilteringGaussRadiusAO: 2
    m_PVRFilteringAtrousPositionSigmaDirect: 0.5
    m_PVRFilteringAtrousPositionSigmaIndirect: 2
    m_PVRFilteringAtrousPositionSigmaAO: 1
    m_ShowResolutionOverlay: 1
  m_LightingDataAsset: {fileID: 0}
  m_UseShadowmask: 1
--- !u!196 &4
NavMeshSettings:
  serializedVersion: 2
  m_ObjectHideFlags: 0
  m_BuildSettings:
    serializedVersion: 2
    agentTypeID: 0
    agentRadius: 0.5
    agentHeight: 2
    agentSlope: 45
    agentClimb: 0.4
    ledgeDropHeight: 0
    maxJumpAcrossDistance: 0
    minRegionArea: 2
    manualCellSize: 0
    cellSize: 0.16666667
    manualTileSize: 0
    tileSize: 256
    accuratePlacement: 0
    debug:
      m_Flags: 0
  m_NavMeshData: {fileID: 0}
--- !u!1001 &83822996
Prefab:
  m_ObjectHideFlags: 0
  serializedVersion: 2
  m_Modification:
    m_TransformParent: {fileID: 2114711395}
    m_Modifications:
    - target: {fileID: 4318648333346238, guid: 89bb1d2fbb4b94a4190dcebe6884d1b1, type: 2}
      propertyPath: m_LocalPosition.x
      value: 2.1882439
      objectReference: {fileID: 0}
    - target: {fileID: 4318648333346238, guid: 89bb1d2fbb4b94a4190dcebe6884d1b1, type: 2}
      propertyPath: m_LocalPosition.y
      value: -1.4831716
      objectReference: {fileID: 0}
    - target: {fileID: 4318648333346238, guid: 89bb1d2fbb4b94a4190dcebe6884d1b1, type: 2}
      propertyPath: m_LocalPosition.z
      value: 1.199162
      objectReference: {fileID: 0}
    - target: {fileID: 4318648333346238, guid: 89bb1d2fbb4b94a4190dcebe6884d1b1, type: 2}
      propertyPath: m_LocalRotation.x
      value: -0.5
      objectReference: {fileID: 0}
    - target: {fileID: 4318648333346238, guid: 89bb1d2fbb4b94a4190dcebe6884d1b1, type: 2}
      propertyPath: m_LocalRotation.y
      value: 0.5
      objectReference: {fileID: 0}
    - target: {fileID: 4318648333346238, guid: 89bb1d2fbb4b94a4190dcebe6884d1b1, type: 2}
      propertyPath: m_LocalRotation.z
      value: 0.5
      objectReference: {fileID: 0}
    - target: {fileID: 4318648333346238, guid: 89bb1d2fbb4b94a4190dcebe6884d1b1, type: 2}
      propertyPath: m_LocalRotation.w
      value: 0.5
      objectReference: {fileID: 0}
    - target: {fileID: 4318648333346238, guid: 89bb1d2fbb4b94a4190dcebe6884d1b1, type: 2}
      propertyPath: m_RootOrder
      value: 11
      objectReference: {fileID: 0}
    - target: {fileID: 1947729289575870, guid: 89bb1d2fbb4b94a4190dcebe6884d1b1, type: 2}
      propertyPath: m_Name
      value: portal (3)
      objectReference: {fileID: 0}
    - target: {fileID: 4318648333346238, guid: 89bb1d2fbb4b94a4190dcebe6884d1b1, type: 2}
      propertyPath: m_LocalScale.x
      value: 1.4557205
      objectReference: {fileID: 0}
    - target: {fileID: 4318648333346238, guid: 89bb1d2fbb4b94a4190dcebe6884d1b1, type: 2}
      propertyPath: m_LocalScale.y
      value: 1.4557217
      objectReference: {fileID: 0}
    - target: {fileID: 4318648333346238, guid: 89bb1d2fbb4b94a4190dcebe6884d1b1, type: 2}
      propertyPath: m_LocalScale.z
      value: 1.4557217
      objectReference: {fileID: 0}
    - target: {fileID: 114580029341963104, guid: 89bb1d2fbb4b94a4190dcebe6884d1b1,
        type: 2}
      propertyPath: matchingTeleport
      value: 
      objectReference: {fileID: 1928617867}
    m_RemovedComponents: []
  m_SourcePrefab: {fileID: 100100000, guid: 89bb1d2fbb4b94a4190dcebe6884d1b1, type: 2}
  m_IsPrefabAsset: 0
--- !u!4 &83822997 stripped
Transform:
  m_CorrespondingSourceObject: {fileID: 4318648333346238, guid: 89bb1d2fbb4b94a4190dcebe6884d1b1,
    type: 2}
  m_PrefabInternal: {fileID: 83822996}
--- !u!1001 &167931927
Prefab:
  m_ObjectHideFlags: 0
  serializedVersion: 2
  m_Modification:
    m_TransformParent: {fileID: 2114711395}
    m_Modifications:
    - target: {fileID: 4318648333346238, guid: 89bb1d2fbb4b94a4190dcebe6884d1b1, type: 2}
      propertyPath: m_LocalPosition.x
      value: -3.328446
      objectReference: {fileID: 0}
    - target: {fileID: 4318648333346238, guid: 89bb1d2fbb4b94a4190dcebe6884d1b1, type: 2}
      propertyPath: m_LocalPosition.y
      value: -1.3875979
      objectReference: {fileID: 0}
    - target: {fileID: 4318648333346238, guid: 89bb1d2fbb4b94a4190dcebe6884d1b1, type: 2}
      propertyPath: m_LocalPosition.z
      value: -2.5976164
      objectReference: {fileID: 0}
    - target: {fileID: 4318648333346238, guid: 89bb1d2fbb4b94a4190dcebe6884d1b1, type: 2}
      propertyPath: m_LocalRotation.x
      value: -0.5
      objectReference: {fileID: 0}
    - target: {fileID: 4318648333346238, guid: 89bb1d2fbb4b94a4190dcebe6884d1b1, type: 2}
      propertyPath: m_LocalRotation.y
      value: 0.5
      objectReference: {fileID: 0}
    - target: {fileID: 4318648333346238, guid: 89bb1d2fbb4b94a4190dcebe6884d1b1, type: 2}
      propertyPath: m_LocalRotation.z
      value: 0.5
      objectReference: {fileID: 0}
    - target: {fileID: 4318648333346238, guid: 89bb1d2fbb4b94a4190dcebe6884d1b1, type: 2}
      propertyPath: m_LocalRotation.w
      value: 0.5
      objectReference: {fileID: 0}
    - target: {fileID: 4318648333346238, guid: 89bb1d2fbb4b94a4190dcebe6884d1b1, type: 2}
      propertyPath: m_RootOrder
      value: 6
      objectReference: {fileID: 0}
    - target: {fileID: 114580029341963104, guid: 89bb1d2fbb4b94a4190dcebe6884d1b1,
        type: 2}
      propertyPath: matchingTeleport
      value: 
      objectReference: {fileID: 1993172213}
    - target: {fileID: 1947729289575870, guid: 89bb1d2fbb4b94a4190dcebe6884d1b1, type: 2}
      propertyPath: m_Name
      value: portal (8)
      objectReference: {fileID: 0}
    m_RemovedComponents: []
  m_SourcePrefab: {fileID: 100100000, guid: 89bb1d2fbb4b94a4190dcebe6884d1b1, type: 2}
  m_IsPrefabAsset: 0
--- !u!4 &167931928 stripped
Transform:
  m_CorrespondingSourceObject: {fileID: 4318648333346238, guid: 89bb1d2fbb4b94a4190dcebe6884d1b1,
    type: 2}
  m_PrefabInternal: {fileID: 167931927}
--- !u!1 &167931929 stripped
GameObject:
  m_CorrespondingSourceObject: {fileID: 1947729289575870, guid: 89bb1d2fbb4b94a4190dcebe6884d1b1,
    type: 2}
  m_PrefabInternal: {fileID: 167931927}
--- !u!1001 &354564298
Prefab:
  m_ObjectHideFlags: 0
  serializedVersion: 2
  m_Modification:
    m_TransformParent: {fileID: 2114711395}
    m_Modifications:
    - target: {fileID: 4318648333346238, guid: 89bb1d2fbb4b94a4190dcebe6884d1b1, type: 2}
      propertyPath: m_LocalPosition.x
      value: 4.5820866
      objectReference: {fileID: 0}
    - target: {fileID: 4318648333346238, guid: 89bb1d2fbb4b94a4190dcebe6884d1b1, type: 2}
      propertyPath: m_LocalPosition.y
      value: -1.4909678
      objectReference: {fileID: 0}
    - target: {fileID: 4318648333346238, guid: 89bb1d2fbb4b94a4190dcebe6884d1b1, type: 2}
      propertyPath: m_LocalPosition.z
      value: 2.1019676
      objectReference: {fileID: 0}
    - target: {fileID: 4318648333346238, guid: 89bb1d2fbb4b94a4190dcebe6884d1b1, type: 2}
      propertyPath: m_LocalRotation.x
      value: -0.5
      objectReference: {fileID: 0}
    - target: {fileID: 4318648333346238, guid: 89bb1d2fbb4b94a4190dcebe6884d1b1, type: 2}
      propertyPath: m_LocalRotation.y
      value: 0.5
      objectReference: {fileID: 0}
    - target: {fileID: 4318648333346238, guid: 89bb1d2fbb4b94a4190dcebe6884d1b1, type: 2}
      propertyPath: m_LocalRotation.z
      value: 0.5
      objectReference: {fileID: 0}
    - target: {fileID: 4318648333346238, guid: 89bb1d2fbb4b94a4190dcebe6884d1b1, type: 2}
      propertyPath: m_LocalRotation.w
      value: 0.5
      objectReference: {fileID: 0}
    - target: {fileID: 4318648333346238, guid: 89bb1d2fbb4b94a4190dcebe6884d1b1, type: 2}
      propertyPath: m_RootOrder
      value: 12
      objectReference: {fileID: 0}
    - target: {fileID: 1947729289575870, guid: 89bb1d2fbb4b94a4190dcebe6884d1b1, type: 2}
      propertyPath: m_Name
      value: portal (2)
      objectReference: {fileID: 0}
    - target: {fileID: 4318648333346238, guid: 89bb1d2fbb4b94a4190dcebe6884d1b1, type: 2}
      propertyPath: m_LocalScale.x
      value: 1.4557205
      objectReference: {fileID: 0}
    - target: {fileID: 4318648333346238, guid: 89bb1d2fbb4b94a4190dcebe6884d1b1, type: 2}
      propertyPath: m_LocalScale.y
      value: 1.4557217
      objectReference: {fileID: 0}
    - target: {fileID: 4318648333346238, guid: 89bb1d2fbb4b94a4190dcebe6884d1b1, type: 2}
      propertyPath: m_LocalScale.z
      value: 1.4557217
      objectReference: {fileID: 0}
    - target: {fileID: 114580029341963104, guid: 89bb1d2fbb4b94a4190dcebe6884d1b1,
        type: 2}
      propertyPath: matchingTeleport
      value: 
      objectReference: {fileID: 1928617867}
    m_RemovedComponents: []
  m_SourcePrefab: {fileID: 100100000, guid: 89bb1d2fbb4b94a4190dcebe6884d1b1, type: 2}
  m_IsPrefabAsset: 0
--- !u!4 &354564299 stripped
Transform:
  m_CorrespondingSourceObject: {fileID: 4318648333346238, guid: 89bb1d2fbb4b94a4190dcebe6884d1b1,
    type: 2}
  m_PrefabInternal: {fileID: 354564298}
--- !u!1001 &633110851
Prefab:
  m_ObjectHideFlags: 0
  serializedVersion: 2
  m_Modification:
    m_TransformParent: {fileID: 2114711395}
    m_Modifications:
    - target: {fileID: 4378464650230952, guid: 334c4e36ef46c4447bbaa6bf3f7f8e04, type: 2}
      propertyPath: m_LocalPosition.x
      value: -0.47
      objectReference: {fileID: 0}
    - target: {fileID: 4378464650230952, guid: 334c4e36ef46c4447bbaa6bf3f7f8e04, type: 2}
      propertyPath: m_LocalPosition.y
      value: -1.0434303
      objectReference: {fileID: 0}
    - target: {fileID: 4378464650230952, guid: 334c4e36ef46c4447bbaa6bf3f7f8e04, type: 2}
      propertyPath: m_LocalPosition.z
      value: -1
      objectReference: {fileID: 0}
    - target: {fileID: 4378464650230952, guid: 334c4e36ef46c4447bbaa6bf3f7f8e04, type: 2}
      propertyPath: m_LocalRotation.x
      value: -0
      objectReference: {fileID: 0}
    - target: {fileID: 4378464650230952, guid: 334c4e36ef46c4447bbaa6bf3f7f8e04, type: 2}
      propertyPath: m_LocalRotation.y
      value: -0
      objectReference: {fileID: 0}
    - target: {fileID: 4378464650230952, guid: 334c4e36ef46c4447bbaa6bf3f7f8e04, type: 2}
      propertyPath: m_LocalRotation.z
      value: -0
      objectReference: {fileID: 0}
    - target: {fileID: 4378464650230952, guid: 334c4e36ef46c4447bbaa6bf3f7f8e04, type: 2}
      propertyPath: m_LocalRotation.w
      value: 1
      objectReference: {fileID: 0}
    - target: {fileID: 4378464650230952, guid: 334c4e36ef46c4447bbaa6bf3f7f8e04, type: 2}
      propertyPath: m_RootOrder
      value: 1
      objectReference: {fileID: 0}
    m_RemovedComponents: []
  m_SourcePrefab: {fileID: 100100000, guid: 334c4e36ef46c4447bbaa6bf3f7f8e04, type: 2}
  m_IsPrefabAsset: 0
--- !u!4 &633110852 stripped
Transform:
  m_CorrespondingSourceObject: {fileID: 4378464650230952, guid: 334c4e36ef46c4447bbaa6bf3f7f8e04,
    type: 2}
  m_PrefabInternal: {fileID: 633110851}
--- !u!1001 &871646997
Prefab:
  m_ObjectHideFlags: 0
  serializedVersion: 2
  m_Modification:
    m_TransformParent: {fileID: 2114711395}
    m_Modifications:
    - target: {fileID: 4318648333346238, guid: 89bb1d2fbb4b94a4190dcebe6884d1b1, type: 2}
      propertyPath: m_LocalPosition.x
      value: -0.076816104
      objectReference: {fileID: 0}
    - target: {fileID: 4318648333346238, guid: 89bb1d2fbb4b94a4190dcebe6884d1b1, type: 2}
      propertyPath: m_LocalPosition.y
      value: -1.4837054
      objectReference: {fileID: 0}
    - target: {fileID: 4318648333346238, guid: 89bb1d2fbb4b94a4190dcebe6884d1b1, type: 2}
      propertyPath: m_LocalPosition.z
      value: 2.6487286
      objectReference: {fileID: 0}
    - target: {fileID: 4318648333346238, guid: 89bb1d2fbb4b94a4190dcebe6884d1b1, type: 2}
      propertyPath: m_LocalRotation.x
      value: -0.5
      objectReference: {fileID: 0}
    - target: {fileID: 4318648333346238, guid: 89bb1d2fbb4b94a4190dcebe6884d1b1, type: 2}
      propertyPath: m_LocalRotation.y
      value: 0.5
      objectReference: {fileID: 0}
    - target: {fileID: 4318648333346238, guid: 89bb1d2fbb4b94a4190dcebe6884d1b1, type: 2}
      propertyPath: m_LocalRotation.z
      value: 0.5
      objectReference: {fileID: 0}
    - target: {fileID: 4318648333346238, guid: 89bb1d2fbb4b94a4190dcebe6884d1b1, type: 2}
      propertyPath: m_LocalRotation.w
      value: 0.5
      objectReference: {fileID: 0}
    - target: {fileID: 4318648333346238, guid: 89bb1d2fbb4b94a4190dcebe6884d1b1, type: 2}
      propertyPath: m_RootOrder
      value: 14
      objectReference: {fileID: 0}
    - target: {fileID: 4318648333346238, guid: 89bb1d2fbb4b94a4190dcebe6884d1b1, type: 2}
      propertyPath: m_LocalScale.x
      value: 1.4557205
      objectReference: {fileID: 0}
    - target: {fileID: 4318648333346238, guid: 89bb1d2fbb4b94a4190dcebe6884d1b1, type: 2}
      propertyPath: m_LocalScale.y
      value: 1.4557217
      objectReference: {fileID: 0}
    - target: {fileID: 4318648333346238, guid: 89bb1d2fbb4b94a4190dcebe6884d1b1, type: 2}
      propertyPath: m_LocalScale.z
      value: 1.4557217
      objectReference: {fileID: 0}
    - target: {fileID: 114580029341963104, guid: 89bb1d2fbb4b94a4190dcebe6884d1b1,
        type: 2}
      propertyPath: matchingTeleport
      value: 
      objectReference: {fileID: 1924003334}
    m_RemovedComponents: []
  m_SourcePrefab: {fileID: 100100000, guid: 89bb1d2fbb4b94a4190dcebe6884d1b1, type: 2}
  m_IsPrefabAsset: 0
--- !u!4 &871646998 stripped
Transform:
  m_CorrespondingSourceObject: {fileID: 4318648333346238, guid: 89bb1d2fbb4b94a4190dcebe6884d1b1,
    type: 2}
  m_PrefabInternal: {fileID: 871646997}
--- !u!1001 &1074168597
Prefab:
  m_ObjectHideFlags: 0
  serializedVersion: 2
  m_Modification:
    m_TransformParent: {fileID: 2114711395}
    m_Modifications:
    - target: {fileID: 400000, guid: 9ea3660ec6ffa4807a8429466769b8bb, type: 3}
      propertyPath: m_LocalPosition.x
      value: 1.3034363
      objectReference: {fileID: 0}
    - target: {fileID: 400000, guid: 9ea3660ec6ffa4807a8429466769b8bb, type: 3}
      propertyPath: m_LocalPosition.y
      value: -1.8353672
      objectReference: {fileID: 0}
    - target: {fileID: 400000, guid: 9ea3660ec6ffa4807a8429466769b8bb, type: 3}
      propertyPath: m_LocalPosition.z
      value: 0.04533577
      objectReference: {fileID: 0}
    - target: {fileID: 400000, guid: 9ea3660ec6ffa4807a8429466769b8bb, type: 3}
      propertyPath: m_LocalRotation.x
      value: -0.7017948
      objectReference: {fileID: 0}
    - target: {fileID: 400000, guid: 9ea3660ec6ffa4807a8429466769b8bb, type: 3}
      propertyPath: m_LocalRotation.y
      value: -0.0032777926
      objectReference: {fileID: 0}
    - target: {fileID: 400000, guid: 9ea3660ec6ffa4807a8429466769b8bb, type: 3}
      propertyPath: m_LocalRotation.z
      value: -0.0047263606
      objectReference: {fileID: 0}
    - target: {fileID: 400000, guid: 9ea3660ec6ffa4807a8429466769b8bb, type: 3}
      propertyPath: m_LocalRotation.w
      value: 0.712356
      objectReference: {fileID: 0}
    - target: {fileID: 400000, guid: 9ea3660ec6ffa4807a8429466769b8bb, type: 3}
      propertyPath: m_RootOrder
      value: 0
      objectReference: {fileID: 0}
    - target: {fileID: 400000, guid: 9ea3660ec6ffa4807a8429466769b8bb, type: 3}
      propertyPath: m_LocalScale.x
      value: 5.3593736
      objectReference: {fileID: 0}
    - target: {fileID: 400000, guid: 9ea3660ec6ffa4807a8429466769b8bb, type: 3}
      propertyPath: m_LocalScale.y
      value: 3.324319
      objectReference: {fileID: 0}
    - target: {fileID: 400000, guid: 9ea3660ec6ffa4807a8429466769b8bb, type: 3}
      propertyPath: m_LocalScale.z
      value: 0.38523895
      objectReference: {fileID: 0}
    m_RemovedComponents:
    - {fileID: 9500000, guid: 9ea3660ec6ffa4807a8429466769b8bb, type: 3}
  m_SourcePrefab: {fileID: 100100000, guid: 9ea3660ec6ffa4807a8429466769b8bb, type: 3}
  m_IsPrefabAsset: 0
--- !u!4 &1074168598 stripped
Transform:
  m_CorrespondingSourceObject: {fileID: 400000, guid: 9ea3660ec6ffa4807a8429466769b8bb,
    type: 3}
  m_PrefabInternal: {fileID: 1074168597}
--- !u!1 &1074168599 stripped
GameObject:
  m_CorrespondingSourceObject: {fileID: 100000, guid: 9ea3660ec6ffa4807a8429466769b8bb,
    type: 3}
  m_PrefabInternal: {fileID: 1074168597}
--- !u!64 &1074168600
MeshCollider:
  m_ObjectHideFlags: 0
  m_CorrespondingSourceObject: {fileID: 0}
  m_PrefabInternal: {fileID: 0}
  m_GameObject: {fileID: 1074168599}
  m_Material: {fileID: 0}
  m_IsTrigger: 0
  m_Enabled: 1
  serializedVersion: 3
  m_Convex: 0
  m_CookingOptions: 14
  m_SkinWidth: 0.01
  m_Mesh: {fileID: 4300000, guid: 9ea3660ec6ffa4807a8429466769b8bb, type: 3}
--- !u!114 &1074168601
MonoBehaviour:
  m_ObjectHideFlags: 0
  m_CorrespondingSourceObject: {fileID: 0}
  m_PrefabInternal: {fileID: 0}
  m_GameObject: {fileID: 1074168599}
  m_Enabled: 1
  m_EditorHideFlags: 0
  m_Script: {fileID: 11500000, guid: d6752f60e1cb6494b93d24d0dc6ee41a, type: 3}
  m_Name: 
  m_EditorClassIdentifier: 
  surface: {fileID: 11400000, guid: 52f9266a3c794495bad79b64749d6048, type: 2}
--- !u!114 &1074168602
MonoBehaviour:
  m_ObjectHideFlags: 0
  m_CorrespondingSourceObject: {fileID: 0}
  m_PrefabInternal: {fileID: 0}
  m_GameObject: {fileID: 1074168599}
  m_Enabled: 1
  m_EditorHideFlags: 0
  m_Script: {fileID: 11500000, guid: 73d896f3915ba4de2ad9e35ed747327b, type: 3}
  m_Name: 
  m_EditorClassIdentifier: 
--- !u!1001 &1411849870
Prefab:
  m_ObjectHideFlags: 0
  serializedVersion: 2
  m_Modification:
    m_TransformParent: {fileID: 2114711395}
    m_Modifications:
    - target: {fileID: 4318648333346238, guid: 89bb1d2fbb4b94a4190dcebe6884d1b1, type: 2}
      propertyPath: m_LocalPosition.x
      value: 2.0280938
      objectReference: {fileID: 0}
    - target: {fileID: 4318648333346238, guid: 89bb1d2fbb4b94a4190dcebe6884d1b1, type: 2}
      propertyPath: m_LocalPosition.y
      value: -1.4876696
      objectReference: {fileID: 0}
    - target: {fileID: 4318648333346238, guid: 89bb1d2fbb4b94a4190dcebe6884d1b1, type: 2}
      propertyPath: m_LocalPosition.z
      value: 2.5556443
      objectReference: {fileID: 0}
    - target: {fileID: 4318648333346238, guid: 89bb1d2fbb4b94a4190dcebe6884d1b1, type: 2}
      propertyPath: m_LocalRotation.x
      value: -0.5
      objectReference: {fileID: 0}
    - target: {fileID: 4318648333346238, guid: 89bb1d2fbb4b94a4190dcebe6884d1b1, type: 2}
      propertyPath: m_LocalRotation.y
      value: 0.5
      objectReference: {fileID: 0}
    - target: {fileID: 4318648333346238, guid: 89bb1d2fbb4b94a4190dcebe6884d1b1, type: 2}
      propertyPath: m_LocalRotation.z
      value: 0.5
      objectReference: {fileID: 0}
    - target: {fileID: 4318648333346238, guid: 89bb1d2fbb4b94a4190dcebe6884d1b1, type: 2}
      propertyPath: m_LocalRotation.w
      value: 0.5
      objectReference: {fileID: 0}
    - target: {fileID: 4318648333346238, guid: 89bb1d2fbb4b94a4190dcebe6884d1b1, type: 2}
      propertyPath: m_RootOrder
      value: 10
      objectReference: {fileID: 0}
    - target: {fileID: 1947729289575870, guid: 89bb1d2fbb4b94a4190dcebe6884d1b1, type: 2}
      propertyPath: m_Name
      value: portal (4)
      objectReference: {fileID: 0}
    - target: {fileID: 4318648333346238, guid: 89bb1d2fbb4b94a4190dcebe6884d1b1, type: 2}
      propertyPath: m_LocalScale.x
      value: 1.4557205
      objectReference: {fileID: 0}
    - target: {fileID: 4318648333346238, guid: 89bb1d2fbb4b94a4190dcebe6884d1b1, type: 2}
      propertyPath: m_LocalScale.y
      value: 1.4557217
      objectReference: {fileID: 0}
    - target: {fileID: 4318648333346238, guid: 89bb1d2fbb4b94a4190dcebe6884d1b1, type: 2}
      propertyPath: m_LocalScale.z
      value: 1.4557217
      objectReference: {fileID: 0}
    - target: {fileID: 114580029341963104, guid: 89bb1d2fbb4b94a4190dcebe6884d1b1,
        type: 2}
      propertyPath: matchingTeleport
      value: 
      objectReference: {fileID: 1928617867}
    m_RemovedComponents: []
  m_SourcePrefab: {fileID: 100100000, guid: 89bb1d2fbb4b94a4190dcebe6884d1b1, type: 2}
  m_IsPrefabAsset: 0
--- !u!4 &1411849871 stripped
Transform:
  m_CorrespondingSourceObject: {fileID: 4318648333346238, guid: 89bb1d2fbb4b94a4190dcebe6884d1b1,
    type: 2}
  m_PrefabInternal: {fileID: 1411849870}
--- !u!1001 &1500888543
Prefab:
  m_ObjectHideFlags: 0
  serializedVersion: 2
  m_Modification:
    m_TransformParent: {fileID: 2114711395}
    m_Modifications:
    - target: {fileID: 4770182248749174, guid: e4cc79c941b284703931438177697572, type: 2}
      propertyPath: m_LocalPosition.x
      value: -20.4
      objectReference: {fileID: 0}
    - target: {fileID: 4770182248749174, guid: e4cc79c941b284703931438177697572, type: 2}
      propertyPath: m_LocalPosition.y
      value: 0.1
      objectReference: {fileID: 0}
    - target: {fileID: 4770182248749174, guid: e4cc79c941b284703931438177697572, type: 2}
      propertyPath: m_LocalPosition.z
      value: 24.8
      objectReference: {fileID: 0}
    - target: {fileID: 4770182248749174, guid: e4cc79c941b284703931438177697572, type: 2}
      propertyPath: m_LocalRotation.x
      value: -0
      objectReference: {fileID: 0}
    - target: {fileID: 4770182248749174, guid: e4cc79c941b284703931438177697572, type: 2}
      propertyPath: m_LocalRotation.y
      value: -0
      objectReference: {fileID: 0}
    - target: {fileID: 4770182248749174, guid: e4cc79c941b284703931438177697572, type: 2}
      propertyPath: m_LocalRotation.z
      value: -0
      objectReference: {fileID: 0}
    - target: {fileID: 4770182248749174, guid: e4cc79c941b284703931438177697572, type: 2}
      propertyPath: m_LocalRotation.w
      value: 1
      objectReference: {fileID: 0}
    - target: {fileID: 4770182248749174, guid: e4cc79c941b284703931438177697572, type: 2}
      propertyPath: m_RootOrder
      value: 2
      objectReference: {fileID: 0}
    - target: {fileID: 4770182248749174, guid: e4cc79c941b284703931438177697572, type: 2}
      propertyPath: m_LocalScale.x
      value: 4.9391103
      objectReference: {fileID: 0}
    - target: {fileID: 4770182248749174, guid: e4cc79c941b284703931438177697572, type: 2}
      propertyPath: m_LocalScale.y
      value: 1.9478259
      objectReference: {fileID: 0}
    - target: {fileID: 4770182248749174, guid: e4cc79c941b284703931438177697572, type: 2}
      propertyPath: m_LocalScale.z
      value: 4.6624665
      objectReference: {fileID: 0}
    m_RemovedComponents: []
  m_SourcePrefab: {fileID: 100100000, guid: e4cc79c941b284703931438177697572, type: 2}
  m_IsPrefabAsset: 0
--- !u!4 &1500888544 stripped
Transform:
  m_CorrespondingSourceObject: {fileID: 4770182248749174, guid: e4cc79c941b284703931438177697572,
    type: 2}
  m_PrefabInternal: {fileID: 1500888543}
--- !u!1 &1558695223
GameObject:
  m_ObjectHideFlags: 0
  m_CorrespondingSourceObject: {fileID: 0}
  m_PrefabInternal: {fileID: 0}
  serializedVersion: 6
  m_Component:
  - component: {fileID: 1558695225}
  - component: {fileID: 1558695224}
  m_Layer: 0
  m_Name: Directional Light
  m_TagString: Untagged
  m_Icon: {fileID: 0}
  m_NavMeshLayer: 0
  m_StaticEditorFlags: 0
  m_IsActive: 1
--- !u!108 &1558695224
Light:
  m_ObjectHideFlags: 0
  m_CorrespondingSourceObject: {fileID: 0}
  m_PrefabInternal: {fileID: 0}
  m_GameObject: {fileID: 1558695223}
  m_Enabled: 1
  serializedVersion: 8
  m_Type: 1
  m_Color: {r: 1, g: 0.95686275, b: 0.8392157, a: 1}
  m_Intensity: 1
  m_Range: 10
  m_SpotAngle: 30
  m_CookieSize: 10
  m_Shadows:
    m_Type: 2
    m_Resolution: -1
    m_CustomResolution: -1
    m_Strength: 1
    m_Bias: 0.05
    m_NormalBias: 0.4
    m_NearPlane: 0.2
  m_Cookie: {fileID: 0}
  m_DrawHalo: 0
  m_Flare: {fileID: 0}
  m_RenderMode: 0
  m_CullingMask:
    serializedVersion: 2
    m_Bits: 4294967295
  m_Lightmapping: 4
  m_LightShadowCasterMode: 0
  m_AreaSize: {x: 1, y: 1}
  m_BounceIntensity: 1
  m_ColorTemperature: 6570
  m_UseColorTemperature: 0
  m_ShadowRadius: 0
  m_ShadowAngle: 0
--- !u!4 &1558695225
Transform:
  m_ObjectHideFlags: 0
  m_CorrespondingSourceObject: {fileID: 0}
  m_PrefabInternal: {fileID: 0}
  m_GameObject: {fileID: 1558695223}
  m_LocalRotation: {x: 0.40821788, y: -0.23456968, z: 0.10938163, w: 0.8754261}
  m_LocalPosition: {x: 0, y: 3, z: 0}
  m_LocalScale: {x: 1, y: 1, z: 1}
  m_Children: []
  m_Father: {fileID: 0}
  m_RootOrder: 0
  m_LocalEulerAnglesHint: {x: 50, y: -30, z: 0}
--- !u!1001 &1723714743
Prefab:
  m_ObjectHideFlags: 0
  serializedVersion: 2
  m_Modification:
    m_TransformParent: {fileID: 2114711395}
    m_Modifications:
    - target: {fileID: 4318648333346238, guid: 89bb1d2fbb4b94a4190dcebe6884d1b1, type: 2}
      propertyPath: m_LocalPosition.x
      value: -0.103589095
      objectReference: {fileID: 0}
    - target: {fileID: 4318648333346238, guid: 89bb1d2fbb4b94a4190dcebe6884d1b1, type: 2}
      propertyPath: m_LocalPosition.y
      value: -1.440147
      objectReference: {fileID: 0}
    - target: {fileID: 4318648333346238, guid: 89bb1d2fbb4b94a4190dcebe6884d1b1, type: 2}
      propertyPath: m_LocalPosition.z
      value: 0.49366114
      objectReference: {fileID: 0}
    - target: {fileID: 4318648333346238, guid: 89bb1d2fbb4b94a4190dcebe6884d1b1, type: 2}
      propertyPath: m_LocalRotation.x
      value: -0.5
      objectReference: {fileID: 0}
    - target: {fileID: 4318648333346238, guid: 89bb1d2fbb4b94a4190dcebe6884d1b1, type: 2}
      propertyPath: m_LocalRotation.y
      value: 0.5
      objectReference: {fileID: 0}
    - target: {fileID: 4318648333346238, guid: 89bb1d2fbb4b94a4190dcebe6884d1b1, type: 2}
      propertyPath: m_LocalRotation.z
      value: 0.5
      objectReference: {fileID: 0}
    - target: {fileID: 4318648333346238, guid: 89bb1d2fbb4b94a4190dcebe6884d1b1, type: 2}
      propertyPath: m_LocalRotation.w
      value: 0.5
      objectReference: {fileID: 0}
    - target: {fileID: 4318648333346238, guid: 89bb1d2fbb4b94a4190dcebe6884d1b1, type: 2}
      propertyPath: m_RootOrder
      value: 5
      objectReference: {fileID: 0}
    - target: {fileID: 1947729289575870, guid: 89bb1d2fbb4b94a4190dcebe6884d1b1, type: 2}
      propertyPath: m_Name
      value: portal (9)
      objectReference: {fileID: 0}
    - target: {fileID: 4318648333346238, guid: 89bb1d2fbb4b94a4190dcebe6884d1b1, type: 2}
      propertyPath: m_LocalScale.x
      value: 1.4557205
      objectReference: {fileID: 0}
    - target: {fileID: 4318648333346238, guid: 89bb1d2fbb4b94a4190dcebe6884d1b1, type: 2}
      propertyPath: m_LocalScale.y
      value: 1.4557217
      objectReference: {fileID: 0}
    - target: {fileID: 4318648333346238, guid: 89bb1d2fbb4b94a4190dcebe6884d1b1, type: 2}
      propertyPath: m_LocalScale.z
      value: 1.4557217
      objectReference: {fileID: 0}
    - target: {fileID: 114580029341963104, guid: 89bb1d2fbb4b94a4190dcebe6884d1b1,
        type: 2}
      propertyPath: matchingTeleport
      value: 
      objectReference: {fileID: 167931929}
    m_RemovedComponents: []
  m_SourcePrefab: {fileID: 100100000, guid: 89bb1d2fbb4b94a4190dcebe6884d1b1, type: 2}
  m_IsPrefabAsset: 0
--- !u!4 &1723714744 stripped
Transform:
  m_CorrespondingSourceObject: {fileID: 4318648333346238, guid: 89bb1d2fbb4b94a4190dcebe6884d1b1,
    type: 2}
  m_PrefabInternal: {fileID: 1723714743}
--- !u!1001 &1724515034
Prefab:
  m_ObjectHideFlags: 0
  serializedVersion: 2
  m_Modification:
    m_TransformParent: {fileID: 2114711395}
    m_Modifications:
    - target: {fileID: 4318648333346238, guid: 89bb1d2fbb4b94a4190dcebe6884d1b1, type: 2}
      propertyPath: m_LocalPosition.x
      value: 5.4802995
      objectReference: {fileID: 0}
    - target: {fileID: 4318648333346238, guid: 89bb1d2fbb4b94a4190dcebe6884d1b1, type: 2}
      propertyPath: m_LocalPosition.y
      value: -1.4787475
      objectReference: {fileID: 0}
    - target: {fileID: 4318648333346238, guid: 89bb1d2fbb4b94a4190dcebe6884d1b1, type: 2}
      propertyPath: m_LocalPosition.z
      value: 0.8170101
      objectReference: {fileID: 0}
    - target: {fileID: 4318648333346238, guid: 89bb1d2fbb4b94a4190dcebe6884d1b1, type: 2}
      propertyPath: m_LocalRotation.x
      value: -0.5
      objectReference: {fileID: 0}
    - target: {fileID: 4318648333346238, guid: 89bb1d2fbb4b94a4190dcebe6884d1b1, type: 2}
      propertyPath: m_LocalRotation.y
      value: 0.5
      objectReference: {fileID: 0}
    - target: {fileID: 4318648333346238, guid: 89bb1d2fbb4b94a4190dcebe6884d1b1, type: 2}
      propertyPath: m_LocalRotation.z
      value: 0.5
      objectReference: {fileID: 0}
    - target: {fileID: 4318648333346238, guid: 89bb1d2fbb4b94a4190dcebe6884d1b1, type: 2}
      propertyPath: m_LocalRotation.w
      value: 0.5
      objectReference: {fileID: 0}
    - target: {fileID: 4318648333346238, guid: 89bb1d2fbb4b94a4190dcebe6884d1b1, type: 2}
      propertyPath: m_RootOrder
      value: 3
      objectReference: {fileID: 0}
    - target: {fileID: 1947729289575870, guid: 89bb1d2fbb4b94a4190dcebe6884d1b1, type: 2}
      propertyPath: m_Name
      value: portal (11)
      objectReference: {fileID: 0}
    - target: {fileID: 4318648333346238, guid: 89bb1d2fbb4b94a4190dcebe6884d1b1, type: 2}
      propertyPath: m_LocalScale.x
      value: 1.4557205
      objectReference: {fileID: 0}
    - target: {fileID: 4318648333346238, guid: 89bb1d2fbb4b94a4190dcebe6884d1b1, type: 2}
      propertyPath: m_LocalScale.y
      value: 1.4557217
      objectReference: {fileID: 0}
    - target: {fileID: 4318648333346238, guid: 89bb1d2fbb4b94a4190dcebe6884d1b1, type: 2}
      propertyPath: m_LocalScale.z
      value: 1.4557217
      objectReference: {fileID: 0}
    - target: {fileID: 114580029341963104, guid: 89bb1d2fbb4b94a4190dcebe6884d1b1,
        type: 2}
      propertyPath: matchingTeleport
      value: 
      objectReference: {fileID: 167931929}
    m_RemovedComponents: []
  m_SourcePrefab: {fileID: 100100000, guid: 89bb1d2fbb4b94a4190dcebe6884d1b1, type: 2}
  m_IsPrefabAsset: 0
--- !u!4 &1724515035 stripped
Transform:
  m_CorrespondingSourceObject: {fileID: 4318648333346238, guid: 89bb1d2fbb4b94a4190dcebe6884d1b1,
    type: 2}
  m_PrefabInternal: {fileID: 1724515034}
--- !u!1001 &1884999360
Prefab:
  m_ObjectHideFlags: 0
  serializedVersion: 2
  m_Modification:
    m_TransformParent: {fileID: 2114711395}
    m_Modifications:
    - target: {fileID: 4318648333346238, guid: 89bb1d2fbb4b94a4190dcebe6884d1b1, type: 2}
      propertyPath: m_LocalPosition.x
      value: 3.381469
      objectReference: {fileID: 0}
    - target: {fileID: 4318648333346238, guid: 89bb1d2fbb4b94a4190dcebe6884d1b1, type: 2}
      propertyPath: m_LocalPosition.y
      value: -1.4463946
      objectReference: {fileID: 0}
    - target: {fileID: 4318648333346238, guid: 89bb1d2fbb4b94a4190dcebe6884d1b1, type: 2}
      propertyPath: m_LocalPosition.z
      value: 0.021416774
      objectReference: {fileID: 0}
    - target: {fileID: 4318648333346238, guid: 89bb1d2fbb4b94a4190dcebe6884d1b1, type: 2}
      propertyPath: m_LocalRotation.x
      value: -0.5
      objectReference: {fileID: 0}
    - target: {fileID: 4318648333346238, guid: 89bb1d2fbb4b94a4190dcebe6884d1b1, type: 2}
      propertyPath: m_LocalRotation.y
      value: 0.5
      objectReference: {fileID: 0}
    - target: {fileID: 4318648333346238, guid: 89bb1d2fbb4b94a4190dcebe6884d1b1, type: 2}
      propertyPath: m_LocalRotation.z
      value: 0.5
      objectReference: {fileID: 0}
    - target: {fileID: 4318648333346238, guid: 89bb1d2fbb4b94a4190dcebe6884d1b1, type: 2}
      propertyPath: m_LocalRotation.w
      value: 0.5
      objectReference: {fileID: 0}
    - target: {fileID: 4318648333346238, guid: 89bb1d2fbb4b94a4190dcebe6884d1b1, type: 2}
      propertyPath: m_RootOrder
      value: 13
      objectReference: {fileID: 0}
    - target: {fileID: 1947729289575870, guid: 89bb1d2fbb4b94a4190dcebe6884d1b1, type: 2}
      propertyPath: m_Name
      value: portal (1)
      objectReference: {fileID: 0}
    - target: {fileID: 4318648333346238, guid: 89bb1d2fbb4b94a4190dcebe6884d1b1, type: 2}
      propertyPath: m_LocalScale.x
      value: 1.4557205
      objectReference: {fileID: 0}
    - target: {fileID: 4318648333346238, guid: 89bb1d2fbb4b94a4190dcebe6884d1b1, type: 2}
      propertyPath: m_LocalScale.y
      value: 1.4557217
      objectReference: {fileID: 0}
    - target: {fileID: 4318648333346238, guid: 89bb1d2fbb4b94a4190dcebe6884d1b1, type: 2}
      propertyPath: m_LocalScale.z
      value: 1.4557217
      objectReference: {fileID: 0}
    - target: {fileID: 114580029341963104, guid: 89bb1d2fbb4b94a4190dcebe6884d1b1,
        type: 2}
      propertyPath: matchingTeleport
      value: 
      objectReference: {fileID: 1928617867}
    m_RemovedComponents: []
  m_SourcePrefab: {fileID: 100100000, guid: 89bb1d2fbb4b94a4190dcebe6884d1b1, type: 2}
  m_IsPrefabAsset: 0
--- !u!4 &1884999361 stripped
Transform:
  m_CorrespondingSourceObject: {fileID: 4318648333346238, guid: 89bb1d2fbb4b94a4190dcebe6884d1b1,
    type: 2}
  m_PrefabInternal: {fileID: 1884999360}
--- !u!1001 &1924003332
Prefab:
  m_ObjectHideFlags: 0
  serializedVersion: 2
  m_Modification:
    m_TransformParent: {fileID: 2114711395}
    m_Modifications:
    - target: {fileID: 4318648333346238, guid: 89bb1d2fbb4b94a4190dcebe6884d1b1, type: 2}
      propertyPath: m_LocalPosition.x
      value: 2.5069275
      objectReference: {fileID: 0}
    - target: {fileID: 4318648333346238, guid: 89bb1d2fbb4b94a4190dcebe6884d1b1, type: 2}
      propertyPath: m_LocalPosition.y
      value: -1.4235187
      objectReference: {fileID: 0}
    - target: {fileID: 4318648333346238, guid: 89bb1d2fbb4b94a4190dcebe6884d1b1, type: 2}
      propertyPath: m_LocalPosition.z
      value: -0.83764064
      objectReference: {fileID: 0}
    - target: {fileID: 4318648333346238, guid: 89bb1d2fbb4b94a4190dcebe6884d1b1, type: 2}
      propertyPath: m_LocalRotation.x
      value: -0.5
      objectReference: {fileID: 0}
    - target: {fileID: 4318648333346238, guid: 89bb1d2fbb4b94a4190dcebe6884d1b1, type: 2}
      propertyPath: m_LocalRotation.y
      value: 0.5
      objectReference: {fileID: 0}
    - target: {fileID: 4318648333346238, guid: 89bb1d2fbb4b94a4190dcebe6884d1b1, type: 2}
      propertyPath: m_LocalRotation.z
      value: 0.5
      objectReference: {fileID: 0}
    - target: {fileID: 4318648333346238, guid: 89bb1d2fbb4b94a4190dcebe6884d1b1, type: 2}
      propertyPath: m_LocalRotation.w
      value: 0.5
      objectReference: {fileID: 0}
    - target: {fileID: 4318648333346238, guid: 89bb1d2fbb4b94a4190dcebe6884d1b1, type: 2}
      propertyPath: m_RootOrder
      value: 9
      objectReference: {fileID: 0}
    - target: {fileID: 1947729289575870, guid: 89bb1d2fbb4b94a4190dcebe6884d1b1, type: 2}
      propertyPath: m_Name
      value: portal (5)
      objectReference: {fileID: 0}
    - target: {fileID: 4318648333346238, guid: 89bb1d2fbb4b94a4190dcebe6884d1b1, type: 2}
      propertyPath: m_LocalScale.x
      value: 1.4557205
      objectReference: {fileID: 0}
    - target: {fileID: 4318648333346238, guid: 89bb1d2fbb4b94a4190dcebe6884d1b1, type: 2}
      propertyPath: m_LocalScale.y
      value: 1.4557217
      objectReference: {fileID: 0}
    - target: {fileID: 4318648333346238, guid: 89bb1d2fbb4b94a4190dcebe6884d1b1, type: 2}
      propertyPath: m_LocalScale.z
      value: 1.4557217
      objectReference: {fileID: 0}
    - target: {fileID: 114580029341963104, guid: 89bb1d2fbb4b94a4190dcebe6884d1b1,
        type: 2}
      propertyPath: matchingTeleport
      value: 
      objectReference: {fileID: 1928617867}
    m_RemovedComponents: []
  m_SourcePrefab: {fileID: 100100000, guid: 89bb1d2fbb4b94a4190dcebe6884d1b1, type: 2}
  m_IsPrefabAsset: 0
--- !u!4 &1924003333 stripped
Transform:
  m_CorrespondingSourceObject: {fileID: 4318648333346238, guid: 89bb1d2fbb4b94a4190dcebe6884d1b1,
    type: 2}
  m_PrefabInternal: {fileID: 1924003332}
--- !u!1 &1924003334 stripped
GameObject:
  m_CorrespondingSourceObject: {fileID: 1947729289575870, guid: 89bb1d2fbb4b94a4190dcebe6884d1b1,
    type: 2}
  m_PrefabInternal: {fileID: 1924003332}
--- !u!1001 &1928617866
Prefab:
  m_ObjectHideFlags: 0
  serializedVersion: 2
  m_Modification:
    m_TransformParent: {fileID: 2114711395}
    m_Modifications:
    - target: {fileID: 4318648333346238, guid: 89bb1d2fbb4b94a4190dcebe6884d1b1, type: 2}
      propertyPath: m_LocalPosition.x
      value: 5.8916545
      objectReference: {fileID: 0}
    - target: {fileID: 4318648333346238, guid: 89bb1d2fbb4b94a4190dcebe6884d1b1, type: 2}
      propertyPath: m_LocalPosition.y
      value: -1.4122552
      objectReference: {fileID: 0}
    - target: {fileID: 4318648333346238, guid: 89bb1d2fbb4b94a4190dcebe6884d1b1, type: 2}
      propertyPath: m_LocalPosition.z
      value: -2.2669106
      objectReference: {fileID: 0}
    - target: {fileID: 4318648333346238, guid: 89bb1d2fbb4b94a4190dcebe6884d1b1, type: 2}
      propertyPath: m_LocalRotation.x
      value: -0.5
      objectReference: {fileID: 0}
    - target: {fileID: 4318648333346238, guid: 89bb1d2fbb4b94a4190dcebe6884d1b1, type: 2}
      propertyPath: m_LocalRotation.y
      value: 0.5
      objectReference: {fileID: 0}
    - target: {fileID: 4318648333346238, guid: 89bb1d2fbb4b94a4190dcebe6884d1b1, type: 2}
      propertyPath: m_LocalRotation.z
      value: 0.5
      objectReference: {fileID: 0}
    - target: {fileID: 4318648333346238, guid: 89bb1d2fbb4b94a4190dcebe6884d1b1, type: 2}
      propertyPath: m_LocalRotation.w
      value: 0.5
      objectReference: {fileID: 0}
    - target: {fileID: 4318648333346238, guid: 89bb1d2fbb4b94a4190dcebe6884d1b1, type: 2}
      propertyPath: m_RootOrder
      value: 8
      objectReference: {fileID: 0}
    - target: {fileID: 1947729289575870, guid: 89bb1d2fbb4b94a4190dcebe6884d1b1, type: 2}
      propertyPath: m_Name
      value: portal (6)
      objectReference: {fileID: 0}
    - target: {fileID: 4318648333346238, guid: 89bb1d2fbb4b94a4190dcebe6884d1b1, type: 2}
      propertyPath: m_LocalScale.x
      value: 1.4557205
      objectReference: {fileID: 0}
    - target: {fileID: 4318648333346238, guid: 89bb1d2fbb4b94a4190dcebe6884d1b1, type: 2}
      propertyPath: m_LocalScale.y
      value: 1.4557217
      objectReference: {fileID: 0}
    - target: {fileID: 4318648333346238, guid: 89bb1d2fbb4b94a4190dcebe6884d1b1, type: 2}
      propertyPath: m_LocalScale.z
      value: 1.4557217
      objectReference: {fileID: 0}
    - target: {fileID: 114580029341963104, guid: 89bb1d2fbb4b94a4190dcebe6884d1b1,
        type: 2}
      propertyPath: matchingTeleport
      value: 
      objectReference: {fileID: 1928617867}
    m_RemovedComponents: []
  m_SourcePrefab: {fileID: 100100000, guid: 89bb1d2fbb4b94a4190dcebe6884d1b1, type: 2}
  m_IsPrefabAsset: 0
--- !u!1 &1928617867 stripped
GameObject:
  m_CorrespondingSourceObject: {fileID: 1947729289575870, guid: 89bb1d2fbb4b94a4190dcebe6884d1b1,
    type: 2}
  m_PrefabInternal: {fileID: 1928617866}
--- !u!4 &1928617868 stripped
Transform:
  m_CorrespondingSourceObject: {fileID: 4318648333346238, guid: 89bb1d2fbb4b94a4190dcebe6884d1b1,
    type: 2}
  m_PrefabInternal: {fileID: 1928617866}
--- !u!1001 &1993172211
Prefab:
  m_ObjectHideFlags: 0
  serializedVersion: 2
  m_Modification:
    m_TransformParent: {fileID: 2114711395}
    m_Modifications:
    - target: {fileID: 4318648333346238, guid: 89bb1d2fbb4b94a4190dcebe6884d1b1, type: 2}
      propertyPath: m_LocalPosition.x
      value: -1.1256444
      objectReference: {fileID: 0}
    - target: {fileID: 4318648333346238, guid: 89bb1d2fbb4b94a4190dcebe6884d1b1, type: 2}
      propertyPath: m_LocalPosition.y
      value: -1.400278
      objectReference: {fileID: 0}
    - target: {fileID: 4318648333346238, guid: 89bb1d2fbb4b94a4190dcebe6884d1b1, type: 2}
      propertyPath: m_LocalPosition.z
      value: -2.038848
      objectReference: {fileID: 0}
    - target: {fileID: 4318648333346238, guid: 89bb1d2fbb4b94a4190dcebe6884d1b1, type: 2}
      propertyPath: m_LocalRotation.x
      value: -0.5
      objectReference: {fileID: 0}
    - target: {fileID: 4318648333346238, guid: 89bb1d2fbb4b94a4190dcebe6884d1b1, type: 2}
      propertyPath: m_LocalRotation.y
      value: 0.5
      objectReference: {fileID: 0}
    - target: {fileID: 4318648333346238, guid: 89bb1d2fbb4b94a4190dcebe6884d1b1, type: 2}
      propertyPath: m_LocalRotation.z
      value: 0.5
      objectReference: {fileID: 0}
    - target: {fileID: 4318648333346238, guid: 89bb1d2fbb4b94a4190dcebe6884d1b1, type: 2}
      propertyPath: m_LocalRotation.w
      value: 0.5
      objectReference: {fileID: 0}
    - target: {fileID: 4318648333346238, guid: 89bb1d2fbb4b94a4190dcebe6884d1b1, type: 2}
      propertyPath: m_RootOrder
      value: 7
      objectReference: {fileID: 0}
    - target: {fileID: 1947729289575870, guid: 89bb1d2fbb4b94a4190dcebe6884d1b1, type: 2}
      propertyPath: m_Name
      value: portal (7)
      objectReference: {fileID: 0}
    - target: {fileID: 4318648333346238, guid: 89bb1d2fbb4b94a4190dcebe6884d1b1, type: 2}
      propertyPath: m_LocalScale.x
      value: 1.4557205
      objectReference: {fileID: 0}
    - target: {fileID: 4318648333346238, guid: 89bb1d2fbb4b94a4190dcebe6884d1b1, type: 2}
      propertyPath: m_LocalScale.y
      value: 1.4557217
      objectReference: {fileID: 0}
    - target: {fileID: 4318648333346238, guid: 89bb1d2fbb4b94a4190dcebe6884d1b1, type: 2}
      propertyPath: m_LocalScale.z
      value: 1.4557217
      objectReference: {fileID: 0}
    - target: {fileID: 114580029341963104, guid: 89bb1d2fbb4b94a4190dcebe6884d1b1,
        type: 2}
      propertyPath: matchingTeleport
      value: 
      objectReference: {fileID: 167931929}
    m_RemovedComponents: []
  m_SourcePrefab: {fileID: 100100000, guid: 89bb1d2fbb4b94a4190dcebe6884d1b1, type: 2}
  m_IsPrefabAsset: 0
--- !u!4 &1993172212 stripped
Transform:
  m_CorrespondingSourceObject: {fileID: 4318648333346238, guid: 89bb1d2fbb4b94a4190dcebe6884d1b1,
    type: 2}
  m_PrefabInternal: {fileID: 1993172211}
--- !u!1 &1993172213 stripped
GameObject:
  m_CorrespondingSourceObject: {fileID: 1947729289575870, guid: 89bb1d2fbb4b94a4190dcebe6884d1b1,
    type: 2}
  m_PrefabInternal: {fileID: 1993172211}
--- !u!1001 &2067598258
Prefab:
  m_ObjectHideFlags: 0
  serializedVersion: 2
  m_Modification:
    m_TransformParent: {fileID: 2114711395}
    m_Modifications:
    - target: {fileID: 4318648333346238, guid: 89bb1d2fbb4b94a4190dcebe6884d1b1, type: 2}
      propertyPath: m_LocalPosition.x
      value: -2.4534452
      objectReference: {fileID: 0}
    - target: {fileID: 4318648333346238, guid: 89bb1d2fbb4b94a4190dcebe6884d1b1, type: 2}
      propertyPath: m_LocalPosition.y
      value: -1.4667493
      objectReference: {fileID: 0}
    - target: {fileID: 4318648333346238, guid: 89bb1d2fbb4b94a4190dcebe6884d1b1, type: 2}
      propertyPath: m_LocalPosition.z
      value: 2.724561
      objectReference: {fileID: 0}
    - target: {fileID: 4318648333346238, guid: 89bb1d2fbb4b94a4190dcebe6884d1b1, type: 2}
      propertyPath: m_LocalRotation.x
      value: -0.5
      objectReference: {fileID: 0}
    - target: {fileID: 4318648333346238, guid: 89bb1d2fbb4b94a4190dcebe6884d1b1, type: 2}
      propertyPath: m_LocalRotation.y
      value: 0.5
      objectReference: {fileID: 0}
    - target: {fileID: 4318648333346238, guid: 89bb1d2fbb4b94a4190dcebe6884d1b1, type: 2}
      propertyPath: m_LocalRotation.z
      value: 0.5
      objectReference: {fileID: 0}
    - target: {fileID: 4318648333346238, guid: 89bb1d2fbb4b94a4190dcebe6884d1b1, type: 2}
      propertyPath: m_LocalRotation.w
      value: 0.5
      objectReference: {fileID: 0}
    - target: {fileID: 4318648333346238, guid: 89bb1d2fbb4b94a4190dcebe6884d1b1, type: 2}
      propertyPath: m_RootOrder
      value: 4
      objectReference: {fileID: 0}
    - target: {fileID: 1947729289575870, guid: 89bb1d2fbb4b94a4190dcebe6884d1b1, type: 2}
      propertyPath: m_Name
      value: portal (10)
      objectReference: {fileID: 0}
    - target: {fileID: 4318648333346238, guid: 89bb1d2fbb4b94a4190dcebe6884d1b1, type: 2}
      propertyPath: m_LocalScale.x
      value: 1.4557205
      objectReference: {fileID: 0}
    - target: {fileID: 4318648333346238, guid: 89bb1d2fbb4b94a4190dcebe6884d1b1, type: 2}
      propertyPath: m_LocalScale.y
      value: 1.4557217
      objectReference: {fileID: 0}
    - target: {fileID: 4318648333346238, guid: 89bb1d2fbb4b94a4190dcebe6884d1b1, type: 2}
      propertyPath: m_LocalScale.z
      value: 1.4557217
      objectReference: {fileID: 0}
    - target: {fileID: 114580029341963104, guid: 89bb1d2fbb4b94a4190dcebe6884d1b1,
        type: 2}
      propertyPath: matchingTeleport
      value: 
      objectReference: {fileID: 167931929}
    m_RemovedComponents: []
  m_SourcePrefab: {fileID: 100100000, guid: 89bb1d2fbb4b94a4190dcebe6884d1b1, type: 2}
  m_IsPrefabAsset: 0
--- !u!4 &2067598259 stripped
Transform:
  m_CorrespondingSourceObject: {fileID: 4318648333346238, guid: 89bb1d2fbb4b94a4190dcebe6884d1b1,
    type: 2}
  m_PrefabInternal: {fileID: 2067598258}
--- !u!1 &2114711394
GameObject:
  m_ObjectHideFlags: 0
  m_CorrespondingSourceObject: {fileID: 0}
  m_PrefabInternal: {fileID: 0}
  serializedVersion: 6
  m_Component:
  - component: {fileID: 2114711395}
  m_Layer: 0
  m_Name: Level
  m_TagString: Untagged
  m_Icon: {fileID: 0}
  m_NavMeshLayer: 0
  m_StaticEditorFlags: 0
  m_IsActive: 1
--- !u!4 &2114711395
Transform:
  m_ObjectHideFlags: 0
  m_CorrespondingSourceObject: {fileID: 0}
  m_PrefabInternal: {fileID: 0}
  m_GameObject: {fileID: 2114711394}
  m_LocalRotation: {x: 0, y: -0.7071068, z: 0, w: 0.7071068}
  m_LocalPosition: {x: 59.34546, y: 33.25, z: -13.469299}
  m_LocalScale: {x: 0.72172, y: 0.72172, z: 0.72172}
  m_Children:
  - {fileID: 1074168598}
  - {fileID: 633110852}
  - {fileID: 1500888544}
  - {fileID: 1724515035}
  - {fileID: 2067598259}
  - {fileID: 1723714744}
  - {fileID: 167931928}
  - {fileID: 1993172212}
  - {fileID: 1928617868}
  - {fileID: 1924003333}
  - {fileID: 1411849871}
  - {fileID: 83822997}
  - {fileID: 354564299}
  - {fileID: 1884999361}
  - {fileID: 871646998}
  m_Father: {fileID: 0}
  m_RootOrder: 1
  m_LocalEulerAnglesHint: {x: 0, y: -90, z: 0}
